@book{data1,
  author="Ana Maria López García",
  title="Los Rankings universitarios: distintas aplicaciones",
  publisher="www.congresos.ulpgc.es/aeet\_aede/Descargas/Sesion1Sala5/Lopez-Perez.pdf",
  year=2013,
}

@book{data2,
  author="QS Top Universities",
  title="About Us",
  publisher="www.topuniversities.com/about-qs",
  year=2009,
}

@book{data3,
  author="America Economia Ránking 2010",
  title="El Ránking de Calidad de las Universidades Chilenas",
  publisher="rankings.americaeconomia.com/2010/mejores-universidades-chile/mapa\_universidades\_chilenas.php",
  year=2010,
}

